<?xml version="1.0" encoding="UTF-8"?><collection xmlns="http://www.loc.gov/MARC21/slim"><record><leader>00408nam--2200121-i-4500</leader><controlfield tag="001">000028906</controlfield><controlfield tag="002">20161230</controlfield><controlfield tag="005">20161230201037</controlfield><controlfield tag="008">060222s1000------------r-----000-0-eng-d</controlfield><datafield ind1=" " ind2=" " tag="245"><subfield code="a">Etude sur les possibilites d`utilisation d`un reacteur nucleaire pour l`industrialisation du sud tunisien</subfield></datafield><datafield ind1=" " ind2=" " tag="260"><subfield code="a">Vienne, Agence Intern.De L`Energie Atom., 1964. 30p</subfield></datafield><datafield ind1=" " ind2=" " tag="490"><subfield code="a">Collection Rapports Techniques,</subfield></datafield><datafield ind1=" " ind2=" " tag="852"><subfield code="a">1875</subfield></datafield></record></collection>